@article{Sharpe1,
   author = {Sharpe, William},
   title = {Capital Asset Prices: A Theory of Market Equilibrium under Conditions of Risk},
   journal = {The Journal of Finance},
   volume = {19-3},
   pages = {425-442},
   year = {1964},
   type = {Journal Article}
}

@article{Black1,
    author = {Black, Fischer},
    title = {Capital Market Equilibrium with Restricted Borrowing},
    journal = {The Journal of Business},
    volume = {45-3},
    pages = {444-455},
    year = {1972},
    type = {Journal Article}
}

@article{Fama1,
    author = {Fama, Eugene and French, Kenneth},
    title = {The Capital Asset Pricing Model: Theory and Evidence},
    journal = {Journal of Economic Perspectives},
    volume = {18-3},
    pages = {25-46},
    year = {2004},
    type = {Journal Article}
}

@article{Fama2,
    author = {Fama, E. and French, Kenneth},
    title = {Common Risk Factors in the Returns on Stocks and Bonds},
    journal = {Journal of Financial Economics},
    volume = {33},
    pages = {3-56},
    year = {1993},
    type = {Journal Article}
}

@online{investing1,
    title = {United States 3-Month Bond Yield},
    year = {2021},
    url = {https://www.investing.com/rates-bonds/u.s.-3-month-bond-yield},
    urldate = {2021-04-08}
}

@online{investing2,
    title = {S\&P 500 Consumer Staples (SPLRCS)},
    year = {2021},
    url = {https://www.investing.com/indices/s-p-500-consumer-staples},
    urldate = {2021-04-08}
}

@online{wrds1,
    title = {CRSP and Compustat},
    year = {2021},
    url = {https://wrds-www-wharton-upenn-edu.proxy.library.cornell.edu/},
    urldate = {2021-04-16}
}